<?xml version="1.0" encoding="UTF-8"?><collection xmlns="http://www.loc.gov/MARC21/slim"><record><leader>00530nam--2200169-u-4500</leader><controlfield tag="001">000056620</controlfield><controlfield tag="002">20161230</controlfield><controlfield tag="005">20161230201052</controlfield><controlfield tag="008">160330s1000------------r-----000-0-eng-d</controlfield><datafield ind1=" " ind2=" " tag="040"><subfield code="a">IFIN-HH</subfield></datafield><datafield ind1=" " ind2=" " tag="080"><subfield code="a">535:53.081</subfield></datafield><datafield ind1="1" ind2=" " tag="100"><subfield code="a">Harrison, George R</subfield></datafield><datafield ind1="1" ind2=" " tag="245"><subfield code="a">Wavelenght tables with intensities in arc, spark, or discharge tube. measured and compiled under the direction of</subfield><subfield code="c">G.r.harrison</subfield></datafield><datafield ind1=" " ind2=" " tag="260"><subfield code="a">New York</subfield><subfield code="b">John Wiley &amp; Sons, Inc</subfield><subfield code="c">1933</subfield></datafield><datafield ind1=" " ind2=" " tag="300"><subfield code="a">XXVIII+429P</subfield></datafield><datafield ind1=" " ind2=" " tag="852"><subfield code="a">12561</subfield><subfield code="c">53.081</subfield></datafield><datafield ind1=" " ind2=" " tag="CAT"><subfield code="a">Sys</subfield><subfield code="c">20160330</subfield><subfield code="h">145828</subfield></datafield></record></collection>